%% R Packages 

@Manual{snowfallpackage,
    title = {R: A Language and Environment for Statistical Computing},
    author = {{R Core Team}},
    organization = {R Foundation for Statistical Computing},
    address = {Vienna, Austria},
    year = {2016},
    url = {https://www.R-project.org/},
}
@Manual{OpenMLpackage,
    title = {OpenML: Exploring Machine Learning Better, Together},
    author = {Giuseppe Casalicchio and Bernd Bischl and Dominik Kirchhoff and Michel Lang and Benjamin Hofner and Jakob Bossek and Pascal Kerschke and Joaquin Vanschoren},
    note = {R package version 1.0},
		year = {2016},
    url = {https://github.com/openml/openml-r},
}


  @Manual{mlrpackage,
    title = {mlr: Machine Learning in R},
    author = {Bernd Bischl and Michel Lang and Lars Kotthoff and Julia Schiffner and Jakob Richter and Zachary Jones and Giuseppe Casalicchio},
    note = {R package version 2.10},
		year = {2016},
    url = {https://github.com/mlr-org/mlr},
  }
	

@inproceedings{mantovani2015tune,
  title={To tune or not to tune: recommending when to adjust SVM hyper-parameters via Meta-learning},
  author={Mantovani, Rafael G and Rossi, Andr{\'e} LD and Vanschoren, Joaquin and Bischl, Bernd and Carvalho, Andr{\'e} CPLF},
  booktitle={2015 International Joint Conference on Neural Networks (IJCNN)},
  pages={1--8},
  year={2015},
  organization={IEEE}
}


@article{boulesteix2015ten,
  title={Ten simple rules for reducing overoptimistic reporting in methodological computational research},
  author={Boulesteix, Anne-Laure},
  journal={PLoS Comput Biol},
  volume={11},
  number={4},
  pages={e1004191},
  year={2015},
  publisher={Public Library of Science}
}

@article{yousefi2010reporting,
  title={Reporting bias when using real data sets to analyze classification performance},
  author={Yousefi, Mohammadmahdi R and Hua, Jianping and Sima, Chao and Dougherty, Edward R},
  journal={Bioinformatics},
  volume={26},
  number={1},
  pages={68--76},
  year={2010},
  publisher={Oxford Univ Press}
}

@article{vanschoren2014openml,
  title={OpenML: networked science in machine learning},
  author={Vanschoren, Joaquin and Van Rijn, Jan N and Bischl, Bernd and Torgo, Luis},
  journal={ACM SIGKDD Explorations Newsletter},
  volume={15},
  number={2},
  pages={49--60},
  year={2014},
  publisher={ACM}
}


@article{brazma2003arrayexpress,
  title={ArrayExpressâ€”a public repository for microarray gene expression data at the EBI},
  author={Brazma, Alvis and Parkinson, Helen and Sarkans, Ugis and Shojatalab, Mohammadreza and Vilo, Jaak and Abeygunawardena, Niran and Holloway, Ele and Kapushesky, Misha and Kemmeren, Patrick and Lara, Gonzalo Garcia and others},
  journal={Nucleic acids research},
  volume={31},
  number={1},
  pages={68--71},
  year={2003},
  publisher={Oxford Univ Press}
}


@misc{ncbiarchive,
  title={archive for functional genomics data sets-update Barrett},
  author={NCBI, GEO},
	year={2013},
  publisher={Tanya}
}

@misc{Lichman:2013 ,
author = "M. Lichman",
year = "2013",
title = "{UCI} Machine Learning Repository",
url = "http://archive.ics.uci.edu/ml",
institution = "University of California, Irvine, School of Information and Computer Sciences" } 


@article{ferri2009experimental,
  title={An experimental comparison of performance measures for classification},
  author={Ferri, C{\'e}sar and Hern{\'a}ndez-Orallo, Jos{\'e} and Modroiu, R},
  journal={Pattern Recognition Letters},
  volume={30},
  number={1},
  pages={27--38},
  year={2009},
  publisher={Elsevier}
}


@article{Bischl2012,
  author = {Bischl, B.
and Mersmann, O.
and Trautmann, H.
and Weihs, C. },
  title = {Resampling Methods for Meta-Model Validation with Recommendations for Evolutionary Computation},
  journal = {Evolutionary Computation},
  year = {2012},
  volume = {20},
  number = {2},
  pages = {249--275},
  doi = {10.1162/EVCO_a_00069},
  url = {http://www.mitpressjournals.org/doi/pdf/10.1162/EVCO_a_00069},
  paywall = 0
}


@article{strobl2007bias,
  title={Bias in random forest variable importance measures: Illustrations, sources and a solution},
  author={Strobl, Carolin and Boulesteix, Anne-Laure and Zeileis, Achim and Hothorn, Torsten},
  journal={BMC bioinformatics},
  volume={8},
  number={1},
  pages={1},
  year={2007},
  publisher={BioMed Central}
}


@article{goldstein2011random,
  title={Random forests for genetic association studies},
  author={Goldstein, Benjamin A and Polley, Eric C and Briggs, Farren},
  journal={Statistical applications in genetics and molecular biology},
  volume={10},
  number={1},
  year={2011}
}


@article{boulesteix2012overview,
  title={Overview of random forest methodology and practical guidance with emphasis on computational biology and bioinformatics},
  author={Boulesteix, Anne-Laure and Janitza, Silke and Kruppa, Jochen and K{\"o}nig, Inke R},
  journal={Wiley Interdisciplinary Reviews: Data Mining and Knowledge Discovery},
  volume={2},
  number={6},
  pages={493--507},
  year={2012},
  publisher={Wiley Online Library}
}

@article{breiman2001random,
  title={Random forests},
  author={Breiman, Leo},
  journal={Machine learning},
  volume={45},
  number={1},
  pages={5--32},
  year={2001},
  publisher={Springer}
}

@article{friedman2001greedy,
  title={Greedy function approximation: a gradient boosting machine},
  author={Friedman, Jerome H},
  journal={Annals of statistics},
  pages={1189--1232},
  year={2001},
  publisher={JSTOR}
}

